@article{ Kahn,
author = "Tversky, Amos and Kahneman, Daniel",
title = {Advances in Prospect Theory: Cumulative Reperesentation of Uncertainty},
year = {1992},
journal = "Journal of Risk and Uncertainty",
volume = {5},
pages = {297-323}
}

@unpublished{ DoubleAuc,
author = "Parsons, Simon and Macinkiewicz, Marek and Niu, Jinzhong and Phelps, Steve",
title = {Everything you wanted to know about double auctions, but were afraid to (bid or) ask},
year = {2006},
note = {Unpublished Paper}
}


@article{ Efficiency,
author = "Cripps, Martin W and Swinkels, Jeroen M",
title = {Efficiency of Large Double Auctions},
year = {2004}
}

@article{NonParIdent,
  title={Nonparametric Identification and Estimation of Double Auctions with Bargaining},
  author={Li, Huihui and Liu, Nianqing},
  journal={Shanghai University of Finance and Economics},
  year={2015}
}


@misc{ PriceDataOnly,
author = "Huihui~Li",
title = {Nonparametric Identification of k-Double Auctions using Price Data},
year={2015},
note = "Job Market Paper"}

@article{ LitReview,
author="Barberis, Nicholas C",
title = {Thirty Years of Prospect Theory in Economics: A review and Assessment},
year= {2013},
journal="Journal of Economic Prespectives",
volume={27},
pages={173-196}
}

@unpublished{ LimeBoy,
title={The Foundations of Empirical Intuition},
author="Paarsch, Harry J",
note="Version: Sunday 7th January, 2018",
year={2018}
}

@article{JuMP,
author = {Iain Dunning and Joey Huchette and Miles Lubin},
title = {JuMP: A Modeling Language for Mathematical Optimization},
journal = {SIAM Review},
volume = {59},
number = {2},
pages = {295-320},
year = {2017},
doi = {10.1137/15M1020575}
}

@article{ipopt,
author={A. WÃ¤chter and L. T. Biegler},
title={On the Implementation of a Primal-Dual Interior Point Filter Line Search Algorithm for Large-Scale Nonlinear Programming},
journal={Mathematical Programming},
volume = {106},
number=1,
pages={25-57},
year={2006}
}

@article{ForwardDiff,
    title = {Forward-Mode Automatic Differentiation in Julia},
   author = {{Revels}, J. and {Lubin}, M. and {Papamarkou}, T.},
  journal = {arXiv:1607.07892 [cs.MS]},
     year = {2016},
     url = {https://arxiv.org/abs/1607.07892}
}

@misc{Liquidpedia,
  title = {Counter-Strike Weapon Cases},
  howpublished = {\url{http://liquipedia.net/counterstrike/Portal:Containers/Weapon_cases}},
  note = {Accessed: 2018-03-10}
}

@misc{SteamMarket,
  title = {Steam Community Market},
  howpublished = {\url{https://steamcommunity.com/market/}},
  note = {Accessed: 2018-03-10}
}